@String(PAMI  = {IEEE TPAMI})
@String(IJCV  = {IJCV})
@String(CVPR  = {CVPR})
@String(ICCV  = {ICCV})
@String(ECCV  = {ECCV})
@String(NIPS  = {NeurIPS})
@String(ICPR  = {ICPR})
@String(BMVC  =	{BMVC})
@String(TOG   = {ACM TOG})
@String(TIP   = {IEEE TIP})
@String(TVCG  = {IEEE TVCG})
@String(TCSVT = {IEEE TCSVT})
@String(TMM   =	{IEEE TMM})
@String(ACMMM = {ACM MM})
@String(ICME  =	{ICME})
@String(ICASSP=	{ICASSP})
@String(ICIP  = {ICIP})
@String(ACCV  = {ACCV})
@String(ICLR  = {ICLR})
@String(IJCAI = {IJCAI})
@String(PR = {PR})
@String(AAAI = {AAAI})
@String(CVPRW= {CVPRW})
@String(CSVT = {IEEE TCSVT})



@String(PAMI = {IEEE Trans. Pattern Anal. Mach. Intell.})
@String(IJCV = {Int. J. Comput. Vis.})
@String(CVPR= {IEEE Conf. Comput. Vis. Pattern Recog.})
@String(ICCV= {Int. Conf. Comput. Vis.})
@String(ECCV= {Eur. Conf. Comput. Vis.})
@String(NIPS= {Adv. Neural Inform. Process. Syst.})
@String(ICPR = {Int. Conf. Pattern Recog.})
@String(BMVC= {Brit. Mach. Vis. Conf.})
@String(TOG= {ACM Trans. Graph.})
@String(TIP  = {IEEE Trans. Image Process.})
@String(TVCG  = {IEEE Trans. Vis. Comput. Graph.})
@String(TMM  = {IEEE Trans. Multimedia})
@String(ACMMM= {ACM Int. Conf. Multimedia})
@String(ICME = {Int. Conf. Multimedia and Expo})
@String(ICASSP=	{ICASSP})
@String(ICIP = {IEEE Int. Conf. Image Process.})
@String(ACCV  = {ACCV})
@String(ICLR = {Int. Conf. Learn. Represent.})
@String(IJCAI = {IJCAI})
@String(PR   = {Pattern Recognition})
@String(AAAI = {AAAI})
@String(CVPRW= {IEEE Conf. Comput. Vis. Pattern Recog. Worksh.})
@String(CSVT = {IEEE Trans. Circuit Syst. Video Technol.})

@String(SPL	= {IEEE Sign. Process. Letters})
@String(VR   = {Vis. Res.})
@String(JOV	 = {J. Vis.})
@String(TVC  = {The Vis. Comput.})
@String(JCST  = {J. Comput. Sci. Tech.})
@String(CGF  = {Comput. Graph. Forum})
@String(CVM = {Computational Visual Media})



% SSL self-supervised
@article{oord2018representation,
  title={Representation learning with contrastive predictive coding},
  author={Oord, Aaron van den and Li, Yazhe and Vinyals, Oriol},
  journal={arXiv preprint arXiv:1807.03748},
  year={2018}
}
@article{chen2020improved,
  title={Improved baselines with momentum contrastive learning},
  author={Chen, Xinlei and Fan, Haoqi and Girshick, Ross and He, Kaiming},
  journal={arXiv preprint arXiv:2003.04297},
  year={2020}
}
@article{chen2020big,
  title={Big self-supervised models are strong semi-supervised learners},
  author={Chen, Ting and Kornblith, Simon and Swersky, Kevin and Norouzi, Mohammad and Hinton, Geoffrey E},
  journal={Advances in neural information processing systems},
  volume={33},
  pages={22243--22255},
  year={2020}
}

@article{yao2021label,
  title={Label-Free Segmentation of COVID-19 Lesions in Lung CT},
  author={Yao, Qingsong and Xiao, Li and Liu, Peihang and Zhou, S Kevin},
  journal={IEEE Transactions on Medical Imaging},
  year={2021},
  publisher={IEEE}
}
@article{roy2020squeeze,
  title={‘Squeeze \& excite’guided few-shot segmentation of volumetric images},
  author={Roy, Abhijit Guha and Siddiqui, Shayan and P{\"o}lsterl, Sebastian and Navab, Nassir and Wachinger, Christian},
  journal={Medical Image Analysis},
  volume={59},
  pages={101587},
  year={2020},
  publisher={Elsevier}
}
@article{chen2022semi,
  title={Semi-supervised anatomical landmark detection via shape-regulated self-training},
  author={Chen, Runnan and Ma, Yuexin and Liu, Lingjie and Chen, Nenglun and Cui, Zhiming and Wei, Guodong and Wang, Wenping},
  journal={Neurocomputing},
  volume={471},
  pages={335--345},
  year={2022},
  publisher={Elsevier}
}
@article{yan2020self,
  title={Self-supervised learning of pixel-wise anatomical embeddings in radiological images},
  author={Yan, Ke and Cai, Jinzheng and Jin, Dakai and Miao, Shun and Harrison, Adam P and Guo, Dazhou and Tang, Youbao and Xiao, Jing and Lu, Jingjing and Lu, Le},
  journal={arXiv preprint arXiv:2012.02383},
  year={2020}
}
@inproceedings{zhao2019one,
  title={Data augmentation using learned transformations for one-shot medical image segmentation},
  author={Zhao, Amy and Balakrishnan, Guha and Durand, Fredo and Guttag, John V and Dalca, Adrian V},
  booktitle={Proceedings of the IEEE Conference on Computer Vision and Pattern Recognition},
  pages={8543--8553},
  year={2019}
}
@inproceedings{DBLP:conf/icml/ChenK0H20,
  author    = {Ting Chen and
               Simon Kornblith and
               Mohammad Norouzi and
               Geoffrey E. Hinton},
  title     = {A Simple Framework for Contrastive Learning of Visual Representations},
  booktitle = {Proceedings of the 37th International Conference on Machine Learning,
               {ICML} 2020, 13-18 July 2020, Virtual Event},
  series    = {Proceedings of Machine Learning Research},
  volume    = {119},
  pages     = {1597--1607},
  publisher = {{PMLR}},
  year      = {2020},
  url       = {http://proceedings.mlr.press/v119/chen20j.html},
  timestamp = {Tue, 15 Dec 2020 17:40:18 +0100},
  biburl    = {https://dblp.org/rec/conf/icml/ChenK0H20.bib},
  bibsource = {dblp computer science bibliography, https://dblp.org}
}
@inproceedings{DBLP:conf/nips/GrillSATRBDPGAP20,
  author    = {Jean{-}Bastien Grill and
               Florian Strub and
               Florent Altch{\'{e}} and
               Corentin Tallec and
               Pierre H. Richemond and
               Elena Buchatskaya and
               Carl Doersch and
               Bernardo {\'{A}}vila Pires and
               Zhaohan Guo and
               Mohammad Gheshlaghi Azar and
               Bilal Piot and
               Koray Kavukcuoglu and
               R{\'{e}}mi Munos and
               Michal Valko},
  editor    = {Hugo Larochelle and
               Marc'Aurelio Ranzato and
               Raia Hadsell and
               Maria{-}Florina Balcan and
               Hsuan{-}Tien Lin},
  title     = {Bootstrap Your Own Latent - {A} New Approach to Self-Supervised Learning},
  booktitle = {Advances in Neural Information Processing Systems 33: Annual Conference
               on Neural Information Processing Systems 2020, NeurIPS 2020, December
               6-12, 2020, virtual},
  year      = {2020},
  url       = {https://proceedings.neurips.cc/paper/2020/hash/f3ada80d5c4ee70142b17b8192b2958e-Abstract.html},
  timestamp = {Tue, 19 Jan 2021 15:57:04 +0100},
  biburl    = {https://dblp.org/rec/conf/nips/GrillSATRBDPGAP20.bib},
  bibsource = {dblp computer science bibliography, https://dblp.org}
}
@inproceedings{DBLP:conf/icml/ZbontarJMLD21,
  author    = {Jure Zbontar and
               Li Jing and
               Ishan Misra and
               Yann LeCun and
               St{\'{e}}phane Deny},
  editor    = {Marina Meila and
               Tong Zhang},
  title     = {Barlow Twins: Self-Supervised Learning via Redundancy Reduction},
  booktitle = {Proceedings of the 38th International Conference on Machine Learning,
               {ICML} 2021, 18-24 July 2021, Virtual Event},
  series    = {Proceedings of Machine Learning Research},
  volume    = {139},
  pages     = {12310--12320},
  publisher = {{PMLR}},
  year      = {2021},
  url       = {http://proceedings.mlr.press/v139/zbontar21a.html},
  timestamp = {Wed, 25 Aug 2021 17:11:17 +0200},
  biburl    = {https://dblp.org/rec/conf/icml/ZbontarJMLD21.bib},
  bibsource = {dblp computer science bibliography, https://dblp.org}
}
@inproceedings{DBLP:journals/jmlr/GutmannH10,
  author    = {Michael Gutmann and
               Aapo Hyv{\"{a}}rinen},
  editor    = {Yee Whye Teh and
               D. Mike Titterington},
  title     = {Noise-contrastive estimation: {A} new estimation principle for unnormalized
               statistical models},
  booktitle = {Proceedings of the Thirteenth International Conference on Artificial
               Intelligence and Statistics, {AISTATS} 2010, Chia Laguna Resort, Sardinia,
               Italy, May 13-15, 2010},
  series    = {{JMLR} Proceedings},
  volume    = {9},
  pages     = {297--304},
  publisher = {JMLR.org},
  year      = {2010},
  url       = {http://proceedings.mlr.press/v9/gutmann10a.html},
  timestamp = {Wed, 29 May 2019 08:41:47 +0200},
  biburl    = {https://dblp.org/rec/journals/jmlr/GutmannH10.bib},
  bibsource = {dblp computer science bibliography, https://dblp.org}
}

% Mixup
@article{
zhang2018mixup,
title={mixup: Beyond Empirical Risk Minimization},
author={Hongyi Zhang, Moustapha Cisse, Yann N. Dauphin, David Lopez-Paz},
journal={International Conference on Learning Representations},
year={2018},
url={https://openreview.net/forum?id=r1Ddp1-Rb},
}


@inproceedings{yao2021one,
  title={One-shot medical landmark detection},
  author={Yao, Qingsong and Quan, Quan and Xiao, Li and Kevin Zhou, S},
  booktitle={International Conference on Medical Image Computing and Computer-Assisted Intervention},
  pages={177--188},
  year={2021},
  organization={Springer}
}
@inproceedings{quan2021images,
  title={Which images to label for few-shot medical landmark detection?},
  author={Quan, Quan and Yao, Qingsong and Li, Jun and Zhou, S Kevin},
  booktitle={Proceedings of the IEEE Conference on Computer Vision and Pattern Recognition},
  year={2022}
}
@article{kalantidis2020hard,
  title={Hard negative mixing for contrastive learning},
  author={Kalantidis, Yannis and Sariyildiz, Mert Bulent and Pion, Noe and Weinzaepfel, Philippe and Larlus, Diane},
  journal={Advances in Neural Information Processing Systems},
  volume={33},
  pages={21798--21809},
  year={2020}
}
@inproceedings{shen2022mix,
  title={Un-mix: Rethinking image mixtures for unsupervised visual representation learning},
  author={Shen, Zhiqiang and Liu, Zechun and Liu, Zhuang and Savvides, Marios and Darrell, Trevor and Xing, Eric},
  booktitle={Proceedings of the AAAI Conference on Artificial Intelligence},
  volume={36},
  number={2},
  pages={2216--2224},
  year={2022}
}
@article{robinson2020contrastive,
  title={Contrastive learning with hard negative samples},
  author={Robinson, Joshua and Chuang, Ching-Yao and Sra, Suvrit and Jegelka, Stefanie},
  journal={arXiv preprint arXiv:2010.04592},
  year={2020}
}

@inproceedings{he2020momentum,
  title={Momentum contrast for unsupervised visual representation learning},
  author={He, Kaiming and Fan, Haoqi and Wu, Yuxin and Xie, Saining and Girshick, Ross},
  booktitle={Proceedings of the IEEE/CVF conference on computer vision and pattern recognition},
  pages={9729--9738},
  year={2020}
}

@inproceedings{zhu2021improving,
  title={Improving contrastive learning by visualizing feature transformation},
  author={Zhu, Rui and Zhao, Bingchen and Liu, Jingen and Sun, Zhenglong and Chen, Chang Wen},
  booktitle={Proceedings of the IEEE/CVF International Conference on Computer Vision},
  pages={10306--10315},
  year={2021}
}
@article{tian2020makes,
  title={What makes for good views for contrastive learning?},
  author={Tian, Yonglong and Sun, Chen and Poole, Ben and Krishnan, Dilip and Schmid, Cordelia and Isola, Phillip},
  journal={Advances in Neural Information Processing Systems},
  volume={33},
  pages={6827--6839},
  year={2020}
}

@inproceedings{unet,
  author    = {Olaf Ronneberger and
               Philipp Fischer and
               Thomas Brox},
  editor    = {Nassir Navab and
               Joachim Hornegger and
               William M. Wells III and
               Alejandro F. Frangi},
  title     = {U-Net: Convolutional Networks for Biomedical Image Segmentation},
  booktitle = {Medical Image Computing and Computer-Assisted Intervention - {MICCAI}
               2015 - 18th International Conference Munich, Germany, October 5 -
               9, 2015, Proceedings, Part {III}},
  series    = {Lecture Notes in Computer Science},
  volume    = {9351},
  pages     = {234--241},
  publisher = {Springer},
  year      = {2015},
  url       = {https://doi.org/10.1007/978-3-319-24574-4\_28},
  doi       = {10.1007/978-3-319-24574-4\_28},
  timestamp = {Mon, 03 Jan 2022 22:36:27 +0100},
  biburl    = {https://dblp.org/rec/conf/miccai/RonnebergerFB15.bib},
  bibsource = {dblp computer science bibliography, https://dblp.org}
}
@InProceedings{McCouat_2022_CVPR,
    author    = {McCouat, James and Voiculescu, Irina},
    title     = {Contour-Hugging Heatmaps for Landmark Detection},
    booktitle = {Proceedings of the IEEE/CVF Conference on Computer Vision and Pattern Recognition (CVPR)},
    month     = {June},
    year      = {2022},
    pages     = {20597-20605}
}
@article{wang2016benchmark,
  title={A benchmark for comparison of dental radiography analysis algorithms},
  author={Wang, Ching-Wei and Huang, Cheng-Ta and Lee, Jia-Hong and Li, Chung-Hsing and Chang, Sheng-Wei and Siao, Ming-Jhih and Lai, Tat-Ming and Ibragimov, Bulat and Vrtovec, Toma{\v{z}} and Ronneberger, Olaf and others},
  journal={Medical Image Analysis},
  volume={31},
  pages={63--76},
  year={2016},
  publisher={Elsevier}
}
@article{ref_scn,
    title={Integrating spatial configuration into heatmap regression based CNNs for landmark localization},
    author={Payer, Christian and {\v{S}}tern, Darko and Bischof, Horst and Urschler, Martin},
    journal={Medical Image Analysis},
    volume={54},
    pages={207--219},
    year={2019},
    publisher={Elsevier}
}
@inproceedings{DBLP:conf/cvpr/MisraM20,
  author    = {Ishan Misra and
               Laurens van der Maaten},
  title     = {Self-Supervised Learning of Pretext-Invariant Representations},
  booktitle = {2020 {IEEE/CVF} Conference on Computer Vision and Pattern Recognition,
               {CVPR} 2020, Seattle, WA, USA, June 13-19, 2020},
  pages     = {6706--6716},
  publisher = {Computer Vision Foundation / {IEEE}},
  year      = {2020},
  url       = {https://openaccess.thecvf.com/content\_CVPR\_2020/html/Misra\_Self-Supervised\_Learning\_of\_Pretext-Invariant\_Representations\_CVPR\_2020\_paper.html},
  doi       = {10.1109/CVPR42600.2020.00674},
  timestamp = {Tue, 31 Aug 2021 14:00:04 +0200},
  biburl    = {https://dblp.org/rec/conf/cvpr/MisraM20.bib},
  bibsource = {dblp computer science bibliography, https://dblp.org}
}
@article{DBLP:journals/sigmobile/Shannon01,
  author    = {Claude E. Shannon},
  title     = {A mathematical theory of communication},
  journal   = {{ACM} {SIGMOBILE} Mob. Comput. Commun. Rev.},
  volume    = {5},
  number    = {1},
  pages     = {3--55},
  year      = {2001},
  url       = {https://doi.org/10.1145/584091.584093},
  doi       = {10.1145/584091.584093},
  timestamp = {Sun, 17 May 2020 11:50:44 +0200},
  biburl    = {https://dblp.org/rec/journals/sigmobile/Shannon01.bib},
  bibsource = {dblp computer science bibliography, https://dblp.org}
}